[{"id":1,"date":"2024-10-15","product":"Nokia","price_per_unit":13954895,"qty":21,"region":"United States","total_sales":293052795},
{"id":2,"date":"2023-01-13","product":"Panasonic","price_per_unit":10536099,"qty":16,"region":"Northern Mariana Islands","total_sales":168577584},
{"id":3,"date":"2023-05-07","product":"Karbonn","price_per_unit":7850668,"qty":16,"region":"New Zealand","total_sales":125610688},
{"id":4,"date":"2023-04-21","product":"LG","price_per_unit":9941591,"qty":14,"region":"Thailand","total_sales":139182274},
{"id":5,"date":"2024-12-14","product":"Bird","price_per_unit":1807344,"qty":7,"region":"Indonesia","total_sales":12651408},
{"id":6,"date":"2022-04-16","product":"Micromax","price_per_unit":8256246,"qty":17,"region":"China","total_sales":140356182},
{"id":7,"date":"2022-01-15","product":"Samsung","price_per_unit":2317318,"qty":20,"region":"Syria","total_sales":46346360},
{"id":8,"date":"2025-08-08","product":"ZTE","price_per_unit":9570241,"qty":25,"region":"Sweden","total_sales":239256025},
{"id":9,"date":"2022-02-08","product":"LG","price_per_unit":1984603,"qty":20,"region":"Marshall Islands","total_sales":39692060},
{"id":10,"date":"2023-12-28","product":"Micromax","price_per_unit":3578636,"qty":15,"region":"Argentina","total_sales":53679540},
{"id":11,"date":"2023-02-07","product":"vivo","price_per_unit":13320453,"qty":9,"region":"China","total_sales":119884077},
{"id":12,"date":"2023-03-31","product":"Nokia","price_per_unit":12349089,"qty":30,"region":"China","total_sales":370472670},
{"id":13,"date":"2025-10-27","product":"BLU","price_per_unit":12499398,"qty":4,"region":"Netherlands","total_sales":49997592},
{"id":14,"date":"2022-10-08","product":"Motorola","price_per_unit":12096193,"qty":6,"region":"Morocco","total_sales":72577158},
{"id":15,"date":"2023-06-27","product":"alcatel","price_per_unit":14551530,"qty":16,"region":"United States","total_sales":232824480},
{"id":16,"date":"2022-01-26","product":"Motorola","price_per_unit":3377758,"qty":30,"region":"Brazil","total_sales":101332740},
{"id":17,"date":"2025-01-18","product":"Acer","price_per_unit":9676270,"qty":25,"region":"France","total_sales":241906750},
{"id":18,"date":"2024-09-23","product":"BLU","price_per_unit":10883840,"qty":26,"region":"United States","total_sales":282979840},
{"id":19,"date":"2022-02-14","product":"QMobile","price_per_unit":3554966,"qty":13,"region":"Indonesia","total_sales":46214558},
{"id":20,"date":"2025-07-18","product":"Spice","price_per_unit":4722543,"qty":24,"region":"France","total_sales":113341032},
{"id":21,"date":"2023-09-05","product":"Garmin-Asus","price_per_unit":8818406,"qty":25,"region":"Argentina","total_sales":220460150},
{"id":22,"date":"2022-07-13","product":"Gigabyte","price_per_unit":6598973,"qty":8,"region":"Russia","total_sales":52791784},
{"id":23,"date":"2024-05-16","product":"LG","price_per_unit":3049794,"qty":14,"region":"Argentina","total_sales":42697116},
{"id":24,"date":"2025-05-13","product":"HTC","price_per_unit":13623367,"qty":11,"region":"China","total_sales":149857037},
{"id":25,"date":"2022-11-24","product":"Siemens","price_per_unit":7828735,"qty":29,"region":"Russia","total_sales":227033315},
{"id":26,"date":"2022-02-07","product":"vivo","price_per_unit":13795714,"qty":22,"region":"Russia","total_sales":303505708},
{"id":27,"date":"2022-12-11","product":"Ericsson","price_per_unit":6329945,"qty":27,"region":"China","total_sales":170908515},
{"id":28,"date":"2023-11-17","product":"Motorola","price_per_unit":9757579,"qty":2,"region":"Belarus","total_sales":19515158},
{"id":29,"date":"2024-10-13","product":"Huawei","price_per_unit":3220068,"qty":24,"region":"Brazil","total_sales":77281632},
{"id":30,"date":"2023-09-02","product":"VK","price_per_unit":4834120,"qty":26,"region":"Ethiopia","total_sales":125687120},
{"id":31,"date":"2022-10-14","product":"Sony","price_per_unit":6312630,"qty":30,"region":"Russia","total_sales":189378900},
{"id":32,"date":"2022-07-29","product":"alcatel","price_per_unit":6978293,"qty":11,"region":"Yemen","total_sales":76761223},
{"id":33,"date":"2022-12-03","product":"Xiaomi","price_per_unit":14464669,"qty":12,"region":"Indonesia","total_sales":173576028},
{"id":34,"date":"2022-10-22","product":"Allview","price_per_unit":9067706,"qty":5,"region":"China","total_sales":45338530},
{"id":35,"date":"2023-10-07","product":"Nokia","price_per_unit":13818829,"qty":6,"region":"France","total_sales":82912974},
{"id":36,"date":"2023-07-23","product":"Nokia","price_per_unit":2791838,"qty":11,"region":"Russia","total_sales":30710218},
{"id":37,"date":"2022-01-23","product":"HTC","price_per_unit":2866748,"qty":11,"region":"France","total_sales":31534228},
{"id":38,"date":"2025-03-16","product":"Micromax","price_per_unit":2601673,"qty":23,"region":"Indonesia","total_sales":59838479},
{"id":39,"date":"2023-01-05","product":"Nokia","price_per_unit":5323389,"qty":20,"region":"Indonesia","total_sales":106467780},
{"id":40,"date":"2022-11-06","product":"BLU","price_per_unit":14606626,"qty":23,"region":"Pakistan","total_sales":335952398},
{"id":41,"date":"2024-10-20","product":"Samsung","price_per_unit":10038687,"qty":29,"region":"Russia","total_sales":291121923},
{"id":42,"date":"2025-06-15","product":"XOLO","price_per_unit":13457113,"qty":16,"region":"China","total_sales":215313808},
{"id":43,"date":"2024-03-09","product":"Honor","price_per_unit":2946293,"qty":9,"region":"Russia","total_sales":26516637},
{"id":44,"date":"2023-06-14","product":"verykool","price_per_unit":13530609,"qty":11,"region":"France","total_sales":148836699},
{"id":45,"date":"2024-02-11","product":"Samsung","price_per_unit":8277180,"qty":1,"region":"United States","total_sales":8277180},
{"id":46,"date":"2022-03-21","product":"LG","price_per_unit":12709511,"qty":1,"region":"Panama","total_sales":12709511},
{"id":47,"date":"2022-01-25","product":"LG","price_per_unit":11393215,"qty":9,"region":"France","total_sales":102538935},
{"id":48,"date":"2022-02-10","product":"Samsung","price_per_unit":13139041,"qty":15,"region":"China","total_sales":197085615},
{"id":49,"date":"2022-12-13","product":"Samsung","price_per_unit":9899596,"qty":13,"region":"Tunisia","total_sales":128694748},
{"id":50,"date":"2022-02-12","product":"Samsung","price_per_unit":10444487,"qty":13,"region":"China","total_sales":135778331},
{"id":51,"date":"2024-04-25","product":"Meizu","price_per_unit":3489725,"qty":2,"region":"Sweden","total_sales":6979450},
{"id":52,"date":"2025-07-23","product":"Gigabyte","price_per_unit":6230468,"qty":30,"region":"Indonesia","total_sales":186914040},
{"id":53,"date":"2023-04-18","product":"Spice","price_per_unit":10152391,"qty":11,"region":"Argentina","total_sales":111676301},
{"id":54,"date":"2024-04-05","product":"Sagem","price_per_unit":12146836,"qty":17,"region":"Zambia","total_sales":206496212},
{"id":55,"date":"2025-03-16","product":"LG","price_per_unit":10212604,"qty":24,"region":"Chile","total_sales":245102496},
{"id":56,"date":"2022-05-23","product":"alcatel","price_per_unit":7544972,"qty":16,"region":"China","total_sales":120719552},
{"id":57,"date":"2023-02-15","product":"Xiaomi","price_per_unit":7039536,"qty":7,"region":"Czech Republic","total_sales":49276752},
{"id":58,"date":"2025-08-21","product":"T-Mobile","price_per_unit":6609911,"qty":1,"region":"Morocco","total_sales":6609911},
{"id":59,"date":"2022-05-19","product":"BLU","price_per_unit":6863628,"qty":7,"region":"Russia","total_sales":48045396},
{"id":60,"date":"2023-10-01","product":"Telit","price_per_unit":10319123,"qty":22,"region":"China","total_sales":227020706},
{"id":61,"date":"2022-06-02","product":"Meizu","price_per_unit":6493705,"qty":11,"region":"Ukraine","total_sales":71430755},
{"id":62,"date":"2025-05-22","product":"Celkon","price_per_unit":13924324,"qty":14,"region":"Armenia","total_sales":194940536},
{"id":63,"date":"2022-10-19","product":"Motorola","price_per_unit":5360143,"qty":30,"region":"Sweden","total_sales":160804290},
{"id":64,"date":"2023-12-12","product":"Panasonic","price_per_unit":3594410,"qty":9,"region":"China","total_sales":32349690},
{"id":65,"date":"2024-02-26","product":"Ulefone","price_per_unit":11237850,"qty":16,"region":"Hungary","total_sales":179805600},
{"id":66,"date":"2024-01-11","product":"QMobile","price_per_unit":13630337,"qty":4,"region":"Indonesia","total_sales":54521348},
{"id":67,"date":"2024-01-12","product":"Meizu","price_per_unit":5732437,"qty":27,"region":"Nigeria","total_sales":154775799},
{"id":68,"date":"2025-10-19","product":"XOLO","price_per_unit":5063577,"qty":10,"region":"Philippines","total_sales":50635770},
{"id":69,"date":"2022-07-22","product":"Celkon","price_per_unit":7721582,"qty":22,"region":"Nigeria","total_sales":169874804},
{"id":70,"date":"2025-09-15","product":"ZTE","price_per_unit":10607992,"qty":14,"region":"China","total_sales":148511888},
{"id":71,"date":"2024-02-17","product":"Gionee","price_per_unit":4952189,"qty":20,"region":"France","total_sales":99043780},
{"id":72,"date":"2023-04-25","product":"alcatel","price_per_unit":11642742,"qty":2,"region":"Finland","total_sales":23285484},
{"id":73,"date":"2022-12-03","product":"ZTE","price_per_unit":5141599,"qty":2,"region":"China","total_sales":10283198},
{"id":74,"date":"2025-10-28","product":"Gigabyte","price_per_unit":4543631,"qty":2,"region":"Macedonia","total_sales":9087262},
{"id":75,"date":"2024-10-04","product":"Micromax","price_per_unit":2225143,"qty":12,"region":"China","total_sales":26701716},
{"id":76,"date":"2022-11-02","product":"Infinix","price_per_unit":13304014,"qty":24,"region":"Indonesia","total_sales":319296336},
{"id":77,"date":"2024-05-30","product":"Samsung","price_per_unit":11079642,"qty":15,"region":"Ireland","total_sales":166194630},
{"id":78,"date":"2025-04-04","product":"BlackBerry","price_per_unit":3379888,"qty":8,"region":"Chad","total_sales":27039104},
{"id":79,"date":"2024-02-24","product":"Samsung","price_per_unit":13719596,"qty":6,"region":"Nigeria","total_sales":82317576},
{"id":80,"date":"2025-09-19","product":"Motorola","price_per_unit":4105735,"qty":2,"region":"Philippines","total_sales":8211470},
{"id":81,"date":"2025-06-29","product":"Micromax","price_per_unit":3615369,"qty":2,"region":"Afghanistan","total_sales":7230738},
{"id":82,"date":"2025-07-12","product":"Sony","price_per_unit":2367551,"qty":25,"region":"Argentina","total_sales":59188775},
{"id":83,"date":"2024-03-18","product":"Sony","price_per_unit":6044345,"qty":10,"region":"United States","total_sales":60443450},
{"id":84,"date":"2024-09-11","product":"Oppo","price_per_unit":13662423,"qty":9,"region":"Greece","total_sales":122961807},
{"id":85,"date":"2023-05-12","product":"Oppo","price_per_unit":6247710,"qty":4,"region":"Mexico","total_sales":24990840},
{"id":86,"date":"2023-04-03","product":"Samsung","price_per_unit":1918509,"qty":28,"region":"Bulgaria","total_sales":53718252},
{"id":87,"date":"2024-08-12","product":"Gionee","price_per_unit":2306902,"qty":25,"region":"Thailand","total_sales":57672550},
{"id":88,"date":"2023-04-10","product":"Gionee","price_per_unit":2015728,"qty":3,"region":"Indonesia","total_sales":6047184},
{"id":89,"date":"2022-04-27","product":"Samsung","price_per_unit":14017841,"qty":6,"region":"Iran","total_sales":84107046},
{"id":90,"date":"2024-01-02","product":"BenQ-Siemens","price_per_unit":13699556,"qty":23,"region":"Philippines","total_sales":315089788},
{"id":91,"date":"2023-04-03","product":"Nokia","price_per_unit":11480347,"qty":22,"region":"Sweden","total_sales":252567634},
{"id":92,"date":"2023-02-24","product":"Philips","price_per_unit":4111882,"qty":5,"region":"China","total_sales":20559410},
{"id":93,"date":"2022-10-14","product":"Oppo","price_per_unit":13872466,"qty":21,"region":"France","total_sales":291321786},
{"id":94,"date":"2022-12-08","product":"Meizu","price_per_unit":5718287,"qty":27,"region":"Poland","total_sales":154393749},
{"id":95,"date":"2023-03-20","product":"BLU","price_per_unit":11309887,"qty":27,"region":"Brazil","total_sales":305366949},
{"id":96,"date":"2023-04-22","product":"LG","price_per_unit":3448621,"qty":10,"region":"China","total_sales":34486210},
{"id":97,"date":"2024-09-15","product":"Asus","price_per_unit":10325269,"qty":13,"region":"Poland","total_sales":134228497},
{"id":98,"date":"2025-01-23","product":"alcatel","price_per_unit":11583432,"qty":3,"region":"Ukraine","total_sales":34750296},
{"id":99,"date":"2022-07-25","product":"BLU","price_per_unit":8671253,"qty":12,"region":"China","total_sales":104055036},
{"id":100,"date":"2023-07-29","product":"LG","price_per_unit":14716759,"qty":11,"region":"France","total_sales":161884349},
{"id":101,"date":"2024-12-08","product":"Lava","price_per_unit":14927394,"qty":28,"region":"Isle of Man","total_sales":417967032},
{"id":102,"date":"2022-11-29","product":"Huawei","price_per_unit":13056085,"qty":24,"region":"Nigeria","total_sales":313346040},
{"id":103,"date":"2025-04-09","product":"Motorola","price_per_unit":7242621,"qty":21,"region":"Canada","total_sales":152095041},
{"id":104,"date":"2023-06-30","product":"Tecno","price_per_unit":2008163,"qty":3,"region":"Botswana","total_sales":6024489},
{"id":105,"date":"2025-10-08","product":"Sagem","price_per_unit":7275817,"qty":22,"region":"China","total_sales":160067974},
{"id":106,"date":"2022-06-06","product":"Samsung","price_per_unit":4525334,"qty":22,"region":"Brazil","total_sales":99557348},
{"id":107,"date":"2025-07-11","product":"Acer","price_per_unit":9579688,"qty":29,"region":"Ukraine","total_sales":277810952},
{"id":108,"date":"2023-04-09","product":"Vodafone","price_per_unit":14308765,"qty":2,"region":"Kosovo","total_sales":28617530},
{"id":109,"date":"2022-12-02","product":"Karbonn","price_per_unit":6214920,"qty":27,"region":"Czech Republic","total_sales":167802840},
{"id":110,"date":"2022-06-05","product":"LG","price_per_unit":4519320,"qty":13,"region":"Peru","total_sales":58751160},
{"id":111,"date":"2024-08-24","product":"BlackBerry","price_per_unit":9936695,"qty":22,"region":"Iran","total_sales":218607290},
{"id":112,"date":"2023-09-09","product":"verykool","price_per_unit":3672471,"qty":20,"region":"Philippines","total_sales":73449420},
{"id":113,"date":"2022-09-08","product":"vivo","price_per_unit":10663053,"qty":24,"region":"Sweden","total_sales":255913272},
{"id":114,"date":"2023-12-09","product":"Prestigio","price_per_unit":14168040,"qty":29,"region":"China","total_sales":410873160},
{"id":115,"date":"2022-11-24","product":"Huawei","price_per_unit":1670518,"qty":9,"region":"China","total_sales":15034662},
{"id":116,"date":"2023-06-14","product":"Sony","price_per_unit":12958375,"qty":19,"region":"Brazil","total_sales":246209125},
{"id":117,"date":"2024-09-15","product":"Motorola","price_per_unit":8885924,"qty":1,"region":"Colombia","total_sales":8885924},
{"id":118,"date":"2022-06-21","product":"Nokia","price_per_unit":5045347,"qty":29,"region":"Myanmar","total_sales":146315063},
{"id":119,"date":"2022-09-04","product":"Celkon","price_per_unit":2976550,"qty":27,"region":"France","total_sales":80366850},
{"id":120,"date":"2023-02-17","product":"Lava","price_per_unit":6824629,"qty":9,"region":"Colombia","total_sales":61421661},
{"id":121,"date":"2023-05-01","product":"Oppo","price_per_unit":9467822,"qty":19,"region":"China","total_sales":179888618},
{"id":122,"date":"2022-12-11","product":"Plum","price_per_unit":5478365,"qty":29,"region":"Peru","total_sales":158872585},
{"id":123,"date":"2022-12-10","product":"ZTE","price_per_unit":13012313,"qty":26,"region":"Argentina","total_sales":338320138},
{"id":124,"date":"2025-04-17","product":"Xiaomi","price_per_unit":12389989,"qty":4,"region":"Bangladesh","total_sales":49559956},
{"id":125,"date":"2025-02-27","product":"BLU","price_per_unit":14662703,"qty":24,"region":"Philippines","total_sales":351904872},
{"id":126,"date":"2024-08-01","product":"Innostream","price_per_unit":12278584,"qty":27,"region":"Russia","total_sales":331521768},
{"id":127,"date":"2024-12-12","product":"Pantech","price_per_unit":8124164,"qty":22,"region":"Honduras","total_sales":178731608},
{"id":128,"date":"2022-10-13","product":"Yezz","price_per_unit":3457780,"qty":16,"region":"Democratic Republic of the Congo","total_sales":55324480},
{"id":129,"date":"2025-09-03","product":"Motorola","price_per_unit":2045986,"qty":13,"region":"Saudi Arabia","total_sales":26597818},
{"id":130,"date":"2022-07-08","product":"Allview","price_per_unit":11080850,"qty":11,"region":"Argentina","total_sales":121889350},
{"id":131,"date":"2024-08-09","product":"Lava","price_per_unit":2155455,"qty":7,"region":"Chad","total_sales":15088185},
{"id":132,"date":"2022-06-23","product":"Sony","price_per_unit":14819224,"qty":30,"region":"Egypt","total_sales":444576720},
{"id":133,"date":"2024-04-04","product":"Ulefone","price_per_unit":3132247,"qty":9,"region":"Peru","total_sales":28190223},
{"id":134,"date":"2025-09-22","product":"Lava","price_per_unit":4825267,"qty":2,"region":"Philippines","total_sales":9650534},
{"id":135,"date":"2025-10-24","product":"Samsung","price_per_unit":11870565,"qty":25,"region":"Sweden","total_sales":296764125},
{"id":136,"date":"2024-04-25","product":"Gigabyte","price_per_unit":8926631,"qty":29,"region":"Czech Republic","total_sales":258872299},
{"id":137,"date":"2024-03-09","product":"Dell","price_per_unit":8749573,"qty":7,"region":"Bangladesh","total_sales":61247011},
{"id":138,"date":"2024-08-27","product":"Haier","price_per_unit":12571547,"qty":6,"region":"Japan","total_sales":75429282},
{"id":139,"date":"2023-11-24","product":"Gionee","price_per_unit":13501979,"qty":13,"region":"Brazil","total_sales":175525727},
{"id":140,"date":"2024-04-09","product":"Vodafone","price_per_unit":4823038,"qty":18,"region":"Argentina","total_sales":86814684},
{"id":141,"date":"2024-09-24","product":"Samsung","price_per_unit":6240364,"qty":16,"region":"Russia","total_sales":99845824},
{"id":142,"date":"2022-01-29","product":"Samsung","price_per_unit":13639270,"qty":28,"region":"Czech Republic","total_sales":381899560},
{"id":143,"date":"2023-07-09","product":"Gionee","price_per_unit":5160615,"qty":10,"region":"Cuba","total_sales":51606150},
{"id":144,"date":"2024-09-01","product":"Honor","price_per_unit":4393617,"qty":7,"region":"Mongolia","total_sales":30755319},
{"id":145,"date":"2022-07-31","product":"ZTE","price_per_unit":2514233,"qty":25,"region":"Indonesia","total_sales":62855825},
{"id":146,"date":"2022-08-09","product":"Nokia","price_per_unit":14018614,"qty":15,"region":"Indonesia","total_sales":210279210},
{"id":147,"date":"2025-08-10","product":"Lenovo","price_per_unit":12475645,"qty":2,"region":"China","total_sales":24951290},
{"id":148,"date":"2024-01-09","product":"Samsung","price_per_unit":14315484,"qty":21,"region":"China","total_sales":300625164},
{"id":149,"date":"2024-03-23","product":"Lenovo","price_per_unit":9495202,"qty":17,"region":"Brazil","total_sales":161418434},
{"id":150,"date":"2025-04-11","product":"Philips","price_per_unit":14814767,"qty":2,"region":"United States","total_sales":29629534},
{"id":151,"date":"2022-04-08","product":"BlackBerry","price_per_unit":9437510,"qty":30,"region":"Russia","total_sales":283125300},
{"id":152,"date":"2022-11-14","product":"Micromax","price_per_unit":14051502,"qty":29,"region":"Brazil","total_sales":407493558},
{"id":153,"date":"2024-03-25","product":"BenQ-Siemens","price_per_unit":2978091,"qty":17,"region":"Brazil","total_sales":50627547},
{"id":154,"date":"2024-06-23","product":"LG","price_per_unit":14470776,"qty":22,"region":"Pakistan","total_sales":318357072},
{"id":155,"date":"2023-12-06","product":"Motorola","price_per_unit":7265595,"qty":10,"region":"Brazil","total_sales":72655950},
{"id":156,"date":"2023-05-21","product":"Sony","price_per_unit":14424618,"qty":18,"region":"Saint Lucia","total_sales":259643124},
{"id":157,"date":"2022-04-02","product":"Haier","price_per_unit":10142652,"qty":9,"region":"Indonesia","total_sales":91283868},
{"id":158,"date":"2023-07-08","product":"Energizer","price_per_unit":4762308,"qty":17,"region":"Japan","total_sales":80959236},
{"id":159,"date":"2022-10-29","product":"LG","price_per_unit":10415208,"qty":29,"region":"Brazil","total_sales":302041032},
{"id":160,"date":"2022-04-15","product":"Samsung","price_per_unit":14967903,"qty":7,"region":"China","total_sales":104775321},
{"id":161,"date":"2024-06-01","product":"ZTE","price_per_unit":14723839,"qty":13,"region":"Portugal","total_sales":191409907},
{"id":162,"date":"2023-09-11","product":"Modu","price_per_unit":7322618,"qty":10,"region":"Russia","total_sales":73226180},
{"id":163,"date":"2024-07-14","product":"Motorola","price_per_unit":3496722,"qty":15,"region":"Russia","total_sales":52450830},
{"id":164,"date":"2022-12-16","product":"BLU","price_per_unit":11012327,"qty":30,"region":"Burkina Faso","total_sales":330369810},
{"id":165,"date":"2022-07-02","product":"HTC","price_per_unit":11859862,"qty":13,"region":"Argentina","total_sales":154178206},
{"id":166,"date":"2025-01-22","product":"LG","price_per_unit":2391521,"qty":6,"region":"South Africa","total_sales":14349126},
{"id":167,"date":"2024-02-18","product":"Pantech","price_per_unit":3954849,"qty":9,"region":"Turks and Caicos Islands","total_sales":35593641},
{"id":168,"date":"2023-07-09","product":"Toshiba","price_per_unit":3714414,"qty":14,"region":"China","total_sales":52001796},
{"id":169,"date":"2024-01-23","product":"ZTE","price_per_unit":13173326,"qty":18,"region":"Russia","total_sales":237119868},
{"id":170,"date":"2023-02-25","product":"Garmin-Asus","price_per_unit":6595466,"qty":6,"region":"Ukraine","total_sales":39572796},
{"id":171,"date":"2023-12-07","product":"Icemobile","price_per_unit":11229654,"qty":26,"region":"France","total_sales":291971004},
{"id":172,"date":"2023-08-05","product":"T-Mobile","price_per_unit":13756389,"qty":14,"region":"Sweden","total_sales":192589446},
{"id":173,"date":"2022-03-08","product":"verykool","price_per_unit":14568923,"qty":9,"region":"Brazil","total_sales":131120307},
{"id":174,"date":"2022-06-17","product":"ZTE","price_per_unit":4333243,"qty":16,"region":"Poland","total_sales":69331888},
{"id":175,"date":"2022-12-11","product":"Sagem","price_per_unit":4362594,"qty":1,"region":"China","total_sales":4362594},
{"id":176,"date":"2025-06-25","product":"alcatel","price_per_unit":3926337,"qty":26,"region":"Serbia","total_sales":102084762},
{"id":177,"date":"2023-08-29","product":"Spice","price_per_unit":4542250,"qty":9,"region":"Portugal","total_sales":40880250},
{"id":178,"date":"2025-04-04","product":"Sagem","price_per_unit":14018440,"qty":15,"region":"United States","total_sales":210276600},
{"id":179,"date":"2023-04-01","product":"Toshiba","price_per_unit":2766655,"qty":11,"region":"Argentina","total_sales":30433205},
{"id":180,"date":"2023-05-16","product":"Xiaomi","price_per_unit":10767664,"qty":30,"region":"Thailand","total_sales":323029920},
{"id":181,"date":"2023-04-19","product":"verykool","price_per_unit":6113172,"qty":8,"region":"Czech Republic","total_sales":48905376},
{"id":182,"date":"2022-03-07","product":"Samsung","price_per_unit":8382307,"qty":29,"region":"China","total_sales":243086903},
{"id":183,"date":"2023-06-11","product":"Qtek","price_per_unit":8617337,"qty":25,"region":"Hungary","total_sales":215433425},
{"id":184,"date":"2025-07-29","product":"Samsung","price_per_unit":5200988,"qty":24,"region":"Tanzania","total_sales":124823712},
{"id":185,"date":"2022-08-17","product":"Nokia","price_per_unit":3911440,"qty":23,"region":"China","total_sales":89963120},
{"id":186,"date":"2022-11-12","product":"Gionee","price_per_unit":11231596,"qty":4,"region":"Guatemala","total_sales":44926384},
{"id":187,"date":"2025-07-21","product":"Motorola","price_per_unit":8103733,"qty":4,"region":"Czech Republic","total_sales":32414932},
{"id":188,"date":"2024-05-11","product":"LG","price_per_unit":7105051,"qty":18,"region":"Czech Republic","total_sales":127890918},
{"id":189,"date":"2025-06-12","product":"Samsung","price_per_unit":13383881,"qty":28,"region":"Russia","total_sales":374748668},
{"id":190,"date":"2025-09-09","product":"BlackBerry","price_per_unit":3913808,"qty":30,"region":"China","total_sales":117414240},
{"id":191,"date":"2022-03-26","product":"BlackBerry","price_per_unit":8642089,"qty":15,"region":"Brazil","total_sales":129631335},
{"id":192,"date":"2024-06-14","product":"QMobile","price_per_unit":12050724,"qty":28,"region":"Bolivia","total_sales":337420272},
{"id":193,"date":"2025-03-17","product":"Panasonic","price_per_unit":13444755,"qty":21,"region":"Croatia","total_sales":282339855},
{"id":194,"date":"2025-04-12","product":"Celkon","price_per_unit":3360287,"qty":6,"region":"Philippines","total_sales":20161722},
{"id":195,"date":"2025-10-01","product":"BlackBerry","price_per_unit":11087298,"qty":18,"region":"Indonesia","total_sales":199571364},
{"id":196,"date":"2025-01-13","product":"Motorola","price_per_unit":14271617,"qty":28,"region":"Portugal","total_sales":399605276},
{"id":197,"date":"2023-07-10","product":"Vertu","price_per_unit":9206593,"qty":8,"region":"Brazil","total_sales":73652744},
{"id":198,"date":"2025-04-28","product":"vivo","price_per_unit":11892397,"qty":8,"region":"Palestinian Territory","total_sales":95139176},
{"id":199,"date":"2022-05-18","product":"Lava","price_per_unit":7551956,"qty":30,"region":"Iran","total_sales":226558680},
{"id":200,"date":"2023-10-10","product":"LG","price_per_unit":6964175,"qty":7,"region":"Venezuela","total_sales":48749225}]